
@InProceedings{BBROBCH18mut,
  title = 	 {Mutual Information Neural Estimation},
  author =       {Belghazi, Mohamed Ishmael and Baratin, Aristide and Rajeshwar, Sai and Ozair, Sherjil and Bengio, Yoshua and Courville, Aaron and Hjelm, Devon},
  booktitle = 	 {Proceedings of the 35th International Conference on Machine Learning},
  pages = 	 {531--540},
  year = 	 {2018},
  editor = 	 {Dy, Jennifer and Krause, Andreas},
  volume = 	 {80},
  series = 	 {Proceedings of Machine Learning Research},
  month = 	 {10--15 Jul},
  publisher =    {PMLR},
  pdf = 	 {http://proceedings.mlr.press/v80/belghazi18a/belghazi18a.pdf},
  url = 	 {https://proceedings.mlr.press/v80/belghazi18a.html},
}



@book{Bre81poi,
author = {Bremaud, Pierre.},
address = {New York},
booktitle = {Point processes and queues : martingale dynamics},
keywords = {Point processes},
language = {eng},
publisher = {Springer-Verlag},
series = {Springer series in statistics},
title = {Point processes and queues : martingale dynamics},
year = {1981},
}
@article{Oga81lew,
issn = {0018-9448},
journal = {IEEE Transactions on Information Theory},
pages = {23--31},
volume = {27},
publisher = {IEEE},
number = {1},
year = {1981},
title = {On {Lewis} simulation method for point processes},
language = {eng},
author = {Ogata, Y},
keywords = {Engineering ; Computer Science},
}
@article {Ito44sto,
	AUTHOR = {Ito, Kiyosi},
	TITLE = {Stochastic integral},
	JOURNAL = {Proc. Imp. Acad. Tokyo},
	VOLUME = {20},
	YEAR = {1944},
	PAGES = {519--524},
	MRCLASS = {60.0X},
	MRNUMBER = {0014633},
	MRREVIEWER = {J. L. Doob},
	note = {\url{http://projecteuclid.org/euclid.pja/1195572786}},
}
